@article{coyne2006,
    author = {Coyne, Imelda},
    date = {2006-01},
    doi = {10.1111/j.1365-2702.2005.01247.x},
    issn = {0962-1067, 1365-2702},
    journaltitle = {Journal of Clinical Nursing},
    number = {1},
    pages = {61--71},
    shorttitle = {Consultation with children in hospital},
	title = {Consultation with children in hospital: children, parents' and nurses' perspectives},
	url = {http://doi.wiley.com/10.1111/j.1365-2702.2005.01247.x},
	urldate = {2018-10-31},
	volume = {15}
}

@article{coyne2008,
	author = {Coyne, Imelda},
	date = {2008-11},
	doi = {10.1016/j.ijnurstu.2008.05.002},
	issn = {00207489},
	journaltitle = {International Journal of Nursing Studies},
	number = {11},
	pages = {1682--1689},
	shorttitle = {Children's participation in consultations and decision-making at health service level},
	title = {Children's participation in consultations and decision-making at health service level: A review of the literature},
	url = {http://linkinghub.elsevier.com/retrieve/pii/S0020748908001466},
	urldate = {2018-10-31},
	volume = {45}
}

@article{coyne2011,
    author = {Coyne, Imelda and Gallagher, Pamela},
    date = {2011-08},
    doi = {10.1111/j.1365-2702.2010.03582.x},
    issn = {09621067},
    journaltitle = {Journal of Clinical Nursing},
    number = {15},
    pages = {2334--2343},
    shorttitle = {Participation in communication and decision-making},
	title = {Participation in communication and decision-making: children and young people’s experiences in a hospital setting: Participation in communication and decision-making},
	url = {http://doi.wiley.com/10.1111/j.1365-2702.2010.03582.x},
	urldate = {2018-10-31},
	volume = {20}
}

@report{designcouncil2007,
    author = {{Design Council}},
    date = {2007-01-20},
    institution = {{Design Council}},
    location = {London},
    title = {Eleven lessons: managing design in eleven global brands},
    % subtitle = {A study of the design process},
    url = {https://www.designcouncil.org.uk/resources/report/11-lessons-managing-design-global-brands},
    urldate = {2019-12-02}
}

@article{delp1996,
    author = {Delp, Chris and Jones, Jeffrey},
    date = {1996-03},
    doi = {10.1111/j.1553-2712.1996.tb03431.x},
    issn = {10696563, 15532712},
    journaltitle = {Academic Emergency Medicine},
    number = {3},
    pages = {264--270},
    shorttitle = {Communicating Information to Patients},
	title = {Communicating Information to Patients: The Use of Cartoon Illustrations to Improve Comprehension of Instructions},
	url = {http://doi.wiley.com/10.1111/j.1553-2712.1996.tb03431.x},
	urldate = {2018-10-31},
	volume = {3}
}

@thesis{fure2017,
	author = {Fure, Martin and Spinnangr, Nicholai and Syslak, Idar},
	date = {2017-06-05},
	institution = {Western Norway University of Applied Sciences},
	location = {Bergen},
    title = {PictogramApp: Digital staging of pictograms},
    type = {Bachelor thesis}
}

@misc{haugland2018,
    author = {Kristian Kise Haugland and Line Eikenes Landsholt},
    date = {2018-09-12},
    howpublished = {Nasjonal lanseringskonferanse -- Pakkeforløp for psykisk helse og rus},
    location = {Helsedirektoratet, Oslo},
    title = {Et løft for sterkere brukerinvolvering},
    type = {Presentation},
    url = {https://youtu.be/7wGD6hsjA4w},
    urldate = {2019-11-27}
}

@online{helsebergen2018,
    author = {{Helse Bergen}},
    date = {2018-10-29},
    title = {Suksess for ELAN i Energisenteret},
    url = {https://helse-bergen.no/nyheiter/suksess-for-elan-i-energisenteret},
    urldate = {2019-11-20}
}

@online{helsedirektoratet2018,
    author = {{Helsedirektoratet}},
    date = {2018-09-07},
    title = {Pakkeforløp for utredning og behandling i psykisk helsevern, barn og unge},
    url = {https://www.helsedirektoratet.no/pakkeforlop/psykiske-lidelser-barn-og-unge},
    urldate = {2019-12-03}
}

@online{helsedirektoratet2019,
    author = {{Helsedirektoratet}},
    date = {2019-02-06},
    title = {Om Helsedirektoratets normerende produkter},
    url = {https://www.helsedirektoratet.no/produkter/om-helsedirektoratets-normerende-produkter},
    urldate = {2019-11-27}
}

@article{kelly2017,
    author = {Kelly, Michelle M. and Hoonakker, Peter L. T. and Dean, Shannon M.},
    date = {2017-01},
    doi = {10.1093/jamia/ocw070},
    issn = {1067-5027, 1527-974X},
    issue = {January},
    journaltitle = {Journal of the American Medical Informatics Association},
    number = {1},
    pages = {153--161},
	title = {Using an inpatient portal to engage families in pediatric hospital care},
	url = {https://academic.oup.com/jamia/article-lookup/doi/10.1093/jamia/ocw070},
	urldate = {2018-10-31},
	volume = {24}
}

@article{lambert2011,
    author = {Lambert, Veronica and Glacken, Michele and {McCarron}, Mary},
    date = {2011-03},
    doi = {10.1111/j.1365-2648.2010.05511.x},
    issn = {03092402},
    journaltitle = {Journal of Advanced Nursing},
    number = {3},
    pages = {569--582},
    shorttitle = {Communication between children and health professionals in a child hospital setting},
	title = {Communication between children and health professionals in a child hospital setting: a Child Transitional Communication Model: Communication between children and health professionals},
	url = {http://doi.wiley.com/10.1111/j.1365-2648.2010.05511.x},
	urldate = {2018-10-31},
	volume = {67}
}

@online{lien2018,
    author = {Lien, Linda H. and Booth, Ashley},
    date = {2018-01-19},
    title = {Pictogram-me},
    titleaddon = {Research Catalogue},
    url = {https://www.researchcatalogue.net/view/157238/157386},
    urldate = {2019-02-17}
}

@article{maher2016,
    author = {Maher, Molly and Kaziunas, Elizabeth and Ackerman, Mark and Derry, Holly and Forringer, Rachel and Miller, Kristen and O'Reilly, Dennis and An, Larry C. and Tewari, Muneesh and Hanauer, David A. and Choi, Sung Won},
    date = {2016-02},
    doi = {10.1016/j.bbmt.2015.08.032},
    issn = {10838791},
    journaltitle = {Biology of Blood and Marrow Transplantation},
    number = {2},
    pages = {349--358},
	title = {User-Centered Design Groups to Engage Patients and Caregivers with a Personalized Health Information Technology Tool},
	url = {https://linkinghub.elsevier.com/retrieve/pii/S1083879115005935},
	urldate = {2018-10-31},
	volume = {22}
}

@inbook{nielsen1994,
    author = {Jakob Nielsen},
    booktitle = {Usability Inspection Methods},
    date = {1994-05-23},
    editor = {Jakob Nielsen and Robert L. Mack},
    isbn = {978-0471018773},
    publisher = {John Wiley \& Sons},
    location = {New York},
	title = {Heuristic evaluation}
}

@online{norwegianairshuttle2012,
    author = {{Norwegian Air Shuttle}},
    date = {2012-09-27},
    title = {Safety onboard (NO)},
    url = {https://youtu.be/TEHa653fMyY},
    urldate = {2019-11-28}
}

@report{norwegianinstitute2015,
    author = {{Norwegian Institute of Public Health}},
    date = {2015-04},
    institution = {{Folkehelseinstituttet}},
    isbn = {978-82-8082-686-2 978-82-8082-687-9},
    issn = {1503-1403},
    location = {Oslo},
    title = {Samtaler med barn},
    type = {Rapport 2015:4},
    url = {https://www.fhi.no/publ/2015/samtaler-med-barn2/},
    urldate = {2019-11-20}
}

@article{oulton2017,
    author = {Oulton, Kate and Oldrieve, Naomi and Bayliss, Julie and Jones, Victoria and Manning, Isobel and Shipway, Lisa and Gibson, Faith},
    date = {2017-11-02},
    doi = {10.1080/17533015.2017.1392329},
    issn = {1753-3015, 1753-3023},
    journaltitle = {Arts \& Health},
    pages = {1--14},
	title = {Using participatory and creative research methods to develop and pilot an informative game for preparing children for blood tests},
	url = {https://www.tandfonline.com/doi/full/10.1080/17533015.2017.1392329},
	urldate = {2018-10-31}
}

@book{preece2015,
	author = {Preece, Jenny and Rogers, Yvonne and Sharp, Helen},
    date = {2015},
    edition = {Fourth edition},
    isbn = {978-1-119-02075-2 978-1-119-06601-9 978-1-119-08879-0},
    location = {Chichester},
    publisher = {Wiley},
    shorttitle = {Interaction design},
	title = {Interaction design: beyond human-computer interaction}
}

@article{rivers2010,
    author = {Rivers, Alec and Igarashi, Takeo and Durand, Frédo},
    date = {2010-07-26},
    doi = {10.1145/1778765.1778796},
    issn = {07300301},
    issue = {July},
    journaltitle = {{ACM} Transactions on Graphics},
    number = {4},
    pages = {1},
    title = {2.5D cartoon models},
	volume = {29},
	url = {http://portal.acm.org/citation.cfm?doid=1778765.1778796},
	urldate = {2018-12-06}
}

@article{stalberg2016,
    author = {Stålberg, Anna and Sandberg, Anette and Söderbäck, Maja and Larsson, Thomas},
    date = {2016-06-01},
    doi = {10.1016/j.jbi.2016.03.024},
    issn = {1532-0464},
    issue = {June},
    journaltitle = {Journal of Biomedical Informatics},
    pages = {149--158},
    shorttitle = {The child’s perspective as a guiding principle},
	title = {The child’s perspective as a guiding principle: Young children as co-designers in the design of an interactive application meant to facilitate participation in healthcare situations},
	volume = {61},
	url = {http://www.sciencedirect.com/science/article/pii/S1532046416300132}
}

@article{stalberg2018,
    author = {Stålberg, Anna and Sandberg, Anette and Larsson, Thomas and Coyne, Imelda and Söderbäck, Maja},
	date = {2018-01},
	doi = {10.1111/jocn.13878},
	issn = {09621067},
	issue = {January},
	journaltitle = {Journal of Clinical Nursing},
	number = {1-2},
	pages = {235--246},
	title = {Curious, thoughtful and affirmative-Young children's meanings of participation in healthcare situations when using an interactive communication tool},
	url = {http://doi.wiley.com/10.1111/jocn.13878},
	urldate = {2018-10-31},
	volume = {27}
}

@online{vaage2014,
    author = {Vaage, Nora Sørensen},
    date = {2014-05-09},
    title = {Like an Open Door},
    organization = {University of Bergen},
    location = {Bergen},
    url = {https://www.uib.no/en/arts-and-gardens/77578/open-door},
    urldate = {2019-11-21}
}
